\begin{filecontents*}{ref.bib}

@misc{PKCS,
  title = {{RSA \& PKCS}, DI-MGT},
  howpublished = "\url{https://www.di-mgt.com.au/rsa_alg.html}",
  note = {Accessed: Oct-20},
}

@misc{GMP,
  title = {{Gnu Multiple Precision Library}, GMPLib},
  howpublished = "\url{https://gmplib.org/}",
  note = {Accessed: Oct-20},
}

@misc{WIKI,
  title = {{Elgamal}, Wikipedia},
  howpublished = "\url{https://en.wikipedia.org/wiki/ElGamal_encryption}",
  note = {Accessed: Oct-20},
}

@book{ROSEN,
  title = {{Discrete Mathematics \& its Applications}, Modular exponentiation},
  author = {Kenneth H. Rosen},
  publisher = {McGraw-Hill},
  year = {2019},
  page = {268}
}

@misc{ECB,
  title = {{ECB}, Wikimedia-Commons},
  howpublished = "\url{https://commons.wikimedia.org/wiki/File:ECB_encryption.svg}",
  note = {Accessed: Oct-20},
}

@misc{PG,
  title = {{ElGamal Test Vectors, Legrandin/Pycrypto}, Github.com},
  howpublished = "\url{https://github.com/Legrandin/pycrypto/commit/7834db2809024536cdfd7fef0b5657dd390bd780}",
  note = {Accessed: Oct-20},
}
\end{ filecontents*}


